<record><leader>00000cas a2200000 a 4500</leader><controlfield tag="001">2266392</controlfield><controlfield tag="008">760620d18601915nyudn ne      0    0eng c</controlfield><datafield ind1=" " ind2=" " tag="010"><subfield code="a">sn 83031739 </subfield></datafield><datafield ind1=" " ind2=" " tag="040"><subfield code="a">PIT</subfield><subfield code="b">eng</subfield><subfield code="c">PIT</subfield><subfield code="d">NPU</subfield><subfield code="d">NYG</subfield><subfield code="d">OCL</subfield><subfield code="d">NPX</subfield><subfield code="d">NPA</subfield><subfield code="d">DLC</subfield><subfield code="d">NPX</subfield><subfield code="d">NYG</subfield><subfield code="d">NPH</subfield><subfield code="d">NYS</subfield><subfield code="d">MGN</subfield><subfield code="d">NYS</subfield><subfield code="d">CNW</subfield><subfield code="d">OCL</subfield><subfield code="d">NYS</subfield><subfield code="d">DLC</subfield><subfield code="d">OCLCQ</subfield><subfield code="d">KRTAS</subfield><subfield code="d">OCLCQ</subfield><subfield code="d">OCLCF</subfield><subfield code="d">OCLCO</subfield></datafield><datafield ind1="1" ind2=" " tag="029"><subfield code="a">AU@</subfield><subfield code="b">000020227399</subfield></datafield><datafield ind1=" " ind2=" " tag="042"><subfield code="a">pcc</subfield></datafield><datafield ind1=" " ind2=" " tag="043"><subfield code="a">n-us-ny</subfield></datafield><datafield ind1="0" ind2="0" tag="050"><subfield code="a">Newspaper 9109</subfield></datafield><datafield ind1="0" ind2="0" tag="245"><subfield code="a">Poughkeepsie daily eagle.</subfield></datafield><datafield ind1="3" ind2="0" tag="246"><subfield code="a">Poughkeepsie eagle</subfield></datafield><datafield ind1="3" ind2="0" tag="246"><subfield code="a">Daily eagle</subfield></datafield><datafield ind1=" " ind2=" " tag="260"><subfield code="a">Poughkeepsie, N.Y. :</subfield><subfield code="b">Platt &amp; Schram,</subfield><subfield code="c">1860-1915.</subfield></datafield><datafield ind1=" " ind2=" " tag="300"><subfield code="a">55 v. ;</subfield><subfield code="c">60-65 cm.</subfield></datafield><datafield ind1=" " ind2=" " tag="310"><subfield code="a">Daily (except Sunday)</subfield></datafield><datafield ind1="0" ind2=" " tag="362"><subfield code="a">Vol. 1, no. 1 (Dec. 4, 1860)-v. 55, no. 16,883 (Apr. 10, 1915).</subfield></datafield><datafield ind1=" " ind2=" " tag="500"><subfield code="a">Publishers: Isaac Platt &amp; William Schram, &lt;1861-1865&gt;; Isaac Platt &amp; Sons, &lt;1869&gt;; Platt &amp; Platt, &lt;1875-1876&gt;.</subfield></datafield><datafield ind1=" " ind2=" " tag="500"><subfield code="a">Republican.</subfield></datafield><datafield ind1=" " ind2=" " tag="500"><subfield code="a">Published a special 50th Anniversary ed., June 1911.</subfield></datafield><datafield ind1=" " ind2=" " tag="525"><subfield code="a">Contains a supplement titled: The Poughkeepsie scout, published every other Saturday.</subfield></datafield><datafield ind1=" " ind2=" " tag="525"><subfield code="a">Souvenir issue titled: Poughkeepsie, the bridge, and its connection, 1889.</subfield></datafield><datafield ind1=" " ind2=" " tag="530"><subfield code="a">Available on microfilm from Micro Photo Division, Bell &amp; Howell Co.</subfield></datafield><datafield ind1=" " ind2=" " tag="580"><subfield code="a">Weekly eds.: Poughkeepsie eagle (Poughkeepsie, N.Y. : 1850), 1850-1888; Poughkeepsie weekly eagle, 1889.</subfield></datafield><datafield ind1=" " ind2=" " tag="580"><subfield code="a">Semiweekly eds.: Poughkeepsie eagle (Poughkeepsie, N.Y. : 1889), 1889; Poughkeepsie eagle, twice-a-week, 1889-1915.</subfield></datafield><datafield ind1=" " ind2="0" tag="651"><subfield code="a">Poughkeepsie (N.Y.)</subfield><subfield code="v">Newspapers.</subfield></datafield><datafield ind1=" " ind2="0" tag="651"><subfield code="a">Dutchess County (N.Y.)</subfield><subfield code="v">Newspapers.</subfield></datafield><datafield ind1=" " ind2="7" tag="655"><subfield code="a">Newspapers.</subfield><subfield code="2">fast</subfield><subfield code="0">(OCoLC)fst01423814</subfield></datafield><datafield ind1=" " ind2="7" tag="651"><subfield code="a">New York (State)</subfield><subfield code="z">Dutchess County.</subfield><subfield code="2">fast</subfield><subfield code="0">(OCoLC)fst01207498</subfield></datafield><datafield ind1=" " ind2="7" tag="651"><subfield code="a">New York (State)</subfield><subfield code="z">Poughkeepsie.</subfield><subfield code="2">fast</subfield><subfield code="0">(OCoLC)fst01214704</subfield></datafield><datafield ind1=" " ind2=" " tag="752"><subfield code="a">United States</subfield><subfield code="b">New York</subfield><subfield code="c">Dutchess</subfield><subfield code="d">Poughkeepsie.</subfield></datafield><datafield ind1="1" ind2=" " tag="775"><subfield code="t">Poughkeepsie eagle (Poughkeepsie, N.Y. : 1850)</subfield><subfield code="w">(DLC)sn 83031737</subfield></datafield><datafield ind1="1" ind2=" " tag="775"><subfield code="t">Poughkeepsie weekly eagle</subfield><subfield code="w">(DLC)sn 83031740</subfield><subfield code="w">(OCoLC)10042799</subfield></datafield><datafield ind1="1" ind2=" " tag="775"><subfield code="t">Poughkeepsie eagle (Poughkeepsie, N.Y. : 1889)</subfield><subfield code="w">(OCoLC)25505108</subfield></datafield><datafield ind1="1" ind2=" " tag="775"><subfield code="t">Poughkeepsie eagle, twice-a-week</subfield><subfield code="w">(DLC)sn 91066542</subfield><subfield code="w">(OCoLC)23812141</subfield></datafield><datafield ind1="0" ind2="7" tag="785"><subfield code="t">Poughkeepsie news-press</subfield><subfield code="w">(DLC)sn 88075699</subfield><subfield code="w">(OCoLC)17913007</subfield></datafield><datafield ind1="0" ind2="7" tag="785"><subfield code="t">Poughkeepsie eagle-news</subfield><subfield code="w">(DLC)sn 84031304</subfield><subfield code="w">(OCoLC)10835427</subfield></datafield><datafield ind1=" " ind2=" " tag="938"><subfield code="a">Kirtas Technologies, Inc.</subfield><subfield code="b">KRTS</subfield><subfield code="n">735699</subfield></datafield></record>